<?xml version="1.0" encoding="UTF-8"?><collection xmlns="http://www.loc.gov/MARC21/slim"><record><leader>00505nam--2200169-i-4500</leader><controlfield tag="001">000012238</controlfield><controlfield tag="002">20161230</controlfield><controlfield tag="005">20170221233508</controlfield><controlfield tag="008">060222s1000------------r-----000-0-eng-d</controlfield><datafield ind1=" " ind2=" " tag="080"><subfield code="a">621.039.54:620.179.1</subfield></datafield><datafield ind1=" " ind2=" " tag="245"><subfield code="a">Reactor structural materials: engineering properties as affected by nuclear reactor service</subfield></datafield><datafield ind1=" " ind2=" " tag="260"><subfield code="a">Philadelphia</subfield><subfield code="b">American Society For Testing And Materials</subfield><subfield code="c">1962</subfield></datafield><datafield ind1=" " ind2=" " tag="300"><subfield code="a">93 p</subfield></datafield><datafield ind1=" " ind2=" " tag="490"><subfield code="a">314</subfield></datafield><datafield ind1=" " ind2=" " tag="700"><subfield code="a">Anderson, W. K</subfield></datafield><datafield ind1=" " ind2=" " tag="852"><subfield code="a">45082</subfield></datafield><datafield ind1=" " ind2=" " tag="CAT"><subfield code="a">SYS</subfield><subfield code="c">20170221</subfield><subfield code="h">233508</subfield></datafield></record></collection>